id,tradeid,rate,volume,instrument,direction,executiondate,party1,party2,inHouse,productId,settlementdate
1,HHo_345678/27271,90000,3453,USD/INR,BUY,09-09-2017 00:00:01,06074439,07075436,false,ForeignExchange:Spot,09-09-2017 00:00:01
2,HHo_345678/27272,180000,3453,USD/INR,SELL,09-09-2017 00:00:02,06074439,07075436,true,ForeignExchange:Spot,09-09-2017 00:00:01
3,HHo_345678/27273,2552,3903,USD/AUD,BUY,09-09-2017 00:00:01,06074439,07075436,true,ForeignExchange:Spot,09-09-2017 00:00:01
4,HHo_345678/27274,242,3453,USD/INR,SELL,09-09-2017 00:00:01,06074439,07075436,true,ForeignExchange:Spot,09-09-2017 00:00:01
5,HHo_345678/27275,244552,3433,USD/PAK,BUY,09-09-2017 00:00:01,06074439,07075436,true,ForeignExchange:Spot,09-09-2017 00:00:01
6,HHo_345678/27276,223462,333,USD/EUR,SELL,09-09-2017 00:00:01,06074439,07075436,true,ForeignExchange:Spot,09-09-2017 00:00:01
7,HHo_345678/27277,242,3453,USD/INR,SELL,09-09-2017 00:00:01,06074439,07075436,true,ForeignExchange:Spot,09-09-2017 00:00:01
8,HHo_345678/27278,290902,7843,USD/INR,SELL,09-11-2017 00:00:01,06074439,07075436,true,ForeignExchange:Spot,09-09-2017 00:00:01
9,HHo_345678/27279,290902,36643,USD/EUR,BUY,09-09-2017 00:00:01,06074439,07075436,true,ForeignExchange:Spot,09-09-2017 00:00:01
10,HHo_345678/272710,30000,33343,USD/INR,SELL,09-10-2017 00:00:01,06074439,07075436,true,ForeignExchange:Spot,09-09-2017 00:00:01
11,HHo_345678/272711,60000,33343,USD/INR,BUY,09-10-2017 00:00:02,06074439,07075436,false,ForeignExchange:Spot,09-09-2017 00:00:01
12,HHo_345678/272712,242,3453,USD/INR,BUY,09-09-2017 00:00:01,06074439,07075436,true,ForeignExchange:Spot,09-09-2017 00:00:01
13,HHo_345678/272713,2552,3903,USD/AUD,BUY,09-09-2017 00:00:01,06074439,07075436,true,ForeignExchange:Spot,09-09-2017 00:00:01
14,HHo_345678/272714,242,3453,USD/INR,SELL,09-09-2017 00:00:01,06074439,07075436,true,ForeignExchange:Spot,09-09-2017 00:00:01
15,HHo_345678/272715,244552,3433,USD/PAK,BUY,09-09-2017 00:00:01,06074439,07075436,true,ForeignExchange:Spot,09-09-2017 00:00:01
16,HHo_345678/272716,223462,333,USD/EUR,SELL,09-09-2017 00:00:01,06074439,07075436,true,ForeignExchange:Spot,09-09-2017 00:00:01
17,HHo_345678/272717,242,3453,USD/INR,SELL,09-09-2017 00:00:01,06074439,07075436,true,ForeignExchange:Spot,09-09-2017 00:00:01
18,HHo_345678/272718,290902,7843,USD/INR,SELL,09-11-2017 00:00:01,06074439,07075436,true,ForeignExchange:Spot,09-09-2017 00:00:01
19,HHo_345678/272718,290902,7843,USD/INR,SELL,09-11-2017 00:00:01,06074439,07075436,true,ForeignExchange:Spot,09-09-2017 00:00:01
20,HHo_345678/272719,290902,36643,USD/EUR,BUY,09-09-2017 00:00:01,06074439,07075436,true,ForeignExchange:Spot,09-09-2017 00:00:01
21,HHo_345678/272720,29044,33343,USD/INR,SELL,09-10-2017 00:00:01,06074439,07075436,true,ForeignExchange:Spot,09-09-2017 00:00:01
22,HHo_345678/272721,70000,3453,USD/INR,SELL,09-09-2017 00:00:01,06074439,07075436,true,ForeignExchange:Spot,09-09-2017 00:00:01
23,HHo_345678/272722,140000,3453,USD/INR,BUY,09-09-2017 00:00:02,06074439,07075436,false,ForeignExchange:Spot,09-09-2017 00:00:01
24,HHo_345678/272723,2552,3903,USD/AUD,BUY,09-09-2017 00:00:01,06074439,07075436,true,ForeignExchange:Spot,09-09-2017 00:00:01
25,HHo_345678/272724,242,3453,USD/INR,SELL,09-09-2017 00:00:01,06074439,07075436,true,ForeignExchange:Spot,09-09-2017 00:00:01
26,HHo_345678/272725,244552,3433,USD/PAK,BUY,09-09-2017 00:00:01,06074439,07075436,true,ForeignExchange:Spot,09-09-2017 00:00:01
27,HHo_345678/272726,223462,333,USD/EUR,SELL,09-09-2017 00:00:01,06074439,07075436,true,ForeignExchange:Spot,09-09-2017 00:00:01
28,HHo_345678/272727,242,3453,USD/INR,SELL,09-09-2017 00:00:01,06074439,07075436,true,ForeignExchange:Spot,09-09-2017 00:00:01
29,HHo_345678/272728,290902,7843,USD/INR,SELL,09-11-2017 00:00:01,06074439,07075436,true,ForeignExchange:Spot,09-09-2017 00:00:01
30,HHo_345678/272729,290902,36643,USD/EUR,BUY,09-09-2017 00:00:01,06074439,07075436,true,ForeignExchange:Spot,09-09-2017 00:00:01
31,HHo_345678/272730,29044,33343,USD/INR,SELL,09-10-2017 00:00:01,06074439,07075436,true,ForeignExchange:Spot,09-09-2017 00:00:01
32,HHo_345678/272731,242,3453,USD/INR,SELL,09-09-2017 00:00:01,06074439,07075436,true,ForeignExchange:Spot,09-09-2017 00:00:01
33,HHo_345678/272732,242,3453,USD/INR,BUY,09-09-2017 00:00:01,06074439,07075436,true,ForeignExchange:Spot,09-09-2017 00:00:01
34,HHo_345678/272733,2552,3903,USD/AUD,BUY,09-09-2017 00:00:01,06074439,07075436,true,ForeignExchange:Spot,09-09-2017 00:00:01
35,HHo_345678/272734,242,3453,USD/INR,SELL,09-09-2017 00:00:01,06074439,07075436,true,ForeignExchange:Spot,09-09-2017 00:00:01
36,HHo_345678/272735,244552,3433,USD/PAK,BUY,09-09-2017 00:00:01,06074439,07075436,true,ForeignExchange:Spot,09-09-2017 00:00:01
37,HHo_345678/272736,223462,333,USD/EUR,SELL,09-09-2017 00:00:01,06074439,07075436,true,ForeignExchange:Spot,09-09-2017 00:00:01
38,HHo_345678/272737,242,3453,USD/INR,SELL,09-09-2017 00:00:01,06074439,07075436,true,ForeignExchange:Spot,09-09-2017 00:00:01
39,HHo_345678/272738,290902,7843,USD/INR,SELL,09-11-2017 00:00:01,06074439,07075436,true,ForeignExchange:Spot,09-09-2017 00:00:01
40,HHo_345678/272739,290902,36643,USD/EUR,BUY,09-09-2017 00:00:01,06074439,07075436,true,ForeignExchange:Spot,09-09-2017 00:00:01
41,HHo_345678/272740,29044,33343,USD/INR,SELL,09-10-2017 00:00:01,06074439,07075436,true,ForeignExchange:Spot,09-09-2017 00:00:01
42,HHo_345678/272741,242,3453,USD/INR,SELL,09-09-2017 00:00:01,06074439,07075436,true,ForeignExchange:Spot,09-09-2017 00:00:01
43,HHo_345678/272742,242,3453,USD/INR,SELL,09-09-2017 00:00:01,06074439,07075436,true,ForeignExchange:Spot,09-09-2017 00:00:01
44,HHo_345678/272743,2552,3903,USD/AUD,BUY,09-09-2017 00:00:01,06074439,07075436,true,ForeignExchange:Spot,09-09-2017 00:00:01
45,HHo_345678/272744,242,3453,USD/INR,SELL,09-09-2017 00:00:01,06074439,07075436,true,ForeignExchange:Spot,09-09-2017 00:00:01
46,HHo_345678/272745,244552,3433,USD/PAK,BUY,09-09-2017 00:00:01,06074439,07075436,true,ForeignExchange:Spot,09-09-2017 00:00:01
47,HHo_345678/272746,223462,333,USD/EUR,SELL,09-09-2017 00:00:01,06074439,07075436,true,ForeignExchange:Spot,09-09-2017 00:00:01
48,HHo_345678/272747,242,3453,USD/INR,SELL,09-09-2017 00:00:01,06074439,07075436,true,ForeignExchange:Spot,09-09-2017 00:00:01
49,HHo_345678/272748,290902,7843,USD/INR,SELL,09-11-2017 00:00:01,06074439,07075436,true,ForeignExchange:Spot,09-09-2017 00:00:01
50,HHo_345678/272749,290902,36643,USD/EUR,BUY,09-09-2017 00:00:01,06074439,07075436,true,ForeignExchange:Spot,09-09-2017 00:00:01
51,HHo_345678/272750,29044,33343,USD/INR,SELL,09-10-2017 00:00:01,06074439,07075436,true,ForeignExchange:Spot,09-09-2017 00:00:01
52,HHo_345678/272751,242,3453,USD/INR,SELL,09-09-2017 00:00:01,06074439,07075436,true,ForeignExchange:Spot,09-09-2017 00:00:01
53,HHo_345678/272752,242,3453,USD/INR,BUY,09-09-2017 00:00:01,06074439,07075436,true,ForeignExchange:Spot,09-09-2017 00:00:01
54,HHo_345678/272753,2552,3903,USD/AUD,BUY,09-09-2017 00:00:01,06074439,07075436,true,ForeignExchange:Spot,09-09-2017 00:00:01
55,HHo_345678/272754,242,3453,USD/INR,SELL,09-09-2017 00:00:01,06074439,07075436,true,ForeignExchange:Spot,09-09-2017 00:00:01
56,HHo_345678/272755,244552,3433,USD/PAK,BUY,09-09-2017 00:00:01,06074439,07075436,true,ForeignExchange:Spot,09-09-2017 00:00:01
57,HHo_345678/272756,223462,333,USD/EUR,SELL,09-09-2017 00:00:01,06074439,07075436,true,ForeignExchange:Spot,09-09-2017 00:00:01
58,HHo_345678/272757,242,3453,USD/INR,SELL,09-09-2017 00:00:01,06074439,07075436,true,ForeignExchange:Spot,09-09-2017 00:00:01
59,HHo_345678/272758,290902,7843,USD/INR,SELL,09-11-2017 00:00:01,06074439,07075436,true,ForeignExchange:Spot,09-09-2017 00:00:01
60,HHo_345678/272759,290902,36643,USD/EUR,BUY,09-09-2017 00:00:01,06074439,07075436,true,ForeignExchange:Spot,09-09-2017 00:00:01
61,HHo_345678/272760,29044,33343,USD/INR,SELL,09-10-2017 00:00:01,06074439,07075436,true,ForeignExchange:Spot,09-09-2017 00:00:01
62,HHo_345678/272761,242,3453,USD/INR,SELL,09-09-2017 00:00:01,06074439,07075436,true,ForeignExchange:Spot,09-09-2017 00:00:01
63,HHo_345678/272762,242,3453,USD/INR,SELL,09-09-2017 00:00:01,06074439,07075436,true,ForeignExchange:Spot,09-09-2017 00:00:01
64,HHo_345678/272763,2552,3903,USD/AUD,BUY,09-09-2017 00:00:01,06074439,07075436,true,ForeignExchange:Spot,09-09-2017 00:00:01
65,HHo_345678/272764,242,3453,USD/INR,SELL,09-09-2017 00:00:01,06074439,07075436,true,ForeignExchange:Spot,09-09-2017 00:00:01
66,HHo_345678/272765,244552,3433,USD/PAK,BUY,09-09-2017 00:00:01,06074439,07075436,true,ForeignExchange:Spot,09-09-2017 00:00:01
67,HHo_345678/272766,223462,333,USD/EUR,SELL,09-09-2017 00:00:01,06074439,07075436,true,ForeignExchange:Spot,09-09-2017 00:00:01
68,HHo_345678/272767,242,3453,USD/INR,SELL,09-09-2017 00:00:01,06074439,07075436,true,ForeignExchange:Spot,09-09-2017 00:00:01
69,HHo_345678/272768,290902,7843,USD/INR,SELL,09-11-2017 00:00:01,06074439,07075436,true,ForeignExchange:Spot,09-09-2017 00:00:01
70,HHo_345678/272769,290902,36643,USD/EUR,BUY,09-09-2017 00:00:01,06074439,07075436,true,ForeignExchange:Spot,09-09-2017 00:00:01
71,HHo_345678/272770,29044,33343,USD/INR,SELL,09-10-2017 00:00:01,06074439,07075436,true,ForeignExchange:Spot,09-09-2017 00:00:01
72,HHo_345678/272771,242,3453,USD/INR,SELL,09-09-2017 00:00:01,06074439,07075436,true,ForeignExchange:Spot,09-09-2017 00:00:01
73,HHo_345678/272772,242,3453,USD/INR,BUY,09-09-2017 00:00:01,06074439,07075436,true,ForeignExchange:Spot,09-09-2017 00:00:01
74,HHo_345678/272773,2552,3903,USD/AUD,BUY,09-09-2017 00:00:01,06074439,07075436,true,ForeignExchange:Spot,09-09-2017 00:00:01
75,HHo_345678/272774,242,3453,USD/INR,SELL,09-09-2017 00:00:01,06074439,07075436,true,ForeignExchange:Spot,09-09-2017 00:00:01
76,HHo_345678/272775,244552,3433,USD/PAK,BUY,09-09-2017 00:00:01,06074439,07075436,true,ForeignExchange:Spot,09-09-2017 00:00:01
77,HHo_345678/272776,223462,333,USD/EUR,SELL,09-09-2017 00:00:01,06074439,07075436,true,ForeignExchange:Spot,09-09-2017 00:00:01
78,HHo_345678/272777,26000,36643,USD/AUD,BUY,09-09-2017 00:00:01,06074439,07075436,true,ForeignExchange:Spot,09-09-2017 00:00:01
79,HHo_345678/272778,52000,36643,USD/AUD,SELL,09-09-2017 00:00:02,06074439,07075436,false,ForeignExchange:Spot,09-09-2017 00:00:01
80,HHo_345678/272779,25000,36643,USD/INR,BUY,09-09-2017 00:00:01,06074439,07075436,true,ForeignExchange:Spot,09-09-2017 00:00:01
81,HHo_345678/272780,50000,36643,USD/INR,SELL,09-09-2017 00:00:02,06074439,07075436,false,ForeignExchange:Spot,09-09-2017 00:00:01